@conference{sevconf2014,
    author={А.Р.~Умеров and Е.Н.~Мащенко},
    title={Анализ технологий контейнерной виртуализации},
    booktitle={Мир компьютерных технологий. Материалы внутривузовской студенческой научно-технической конференции},
    %editor   = "Е.~Н.~Мащенко",
    pages={32},
    year={2014},
    %month={Апрель},
    publisher={Севастополь: СевНТУ}
}

@article{padala2007performance,
  title={Performance evaluation of virtualization technologies for server consolidation},
  author={Padala, Pradeep and Zhu, Xiaoyun and Wang, Zhikui and Singhal, Sharad and Shin, Kang G and others},
  journal={HP Labs Tec. Report},
  url={http://www.hpl.hp.com/techreports/2007/HPL-2007-59R1.pdf},
  year={2007},
  pages={4}
}

@article{openvzperformance,
  title={OpenVZ Linux Containers Perfomance. Benchmark results},
  url={http://openvz.org/Performance/Response_Time},
  year={2011}
}

@article{virtuallinux,
  title={Виртуальный Linux. Обзор методов виртуализации, архитектур и реализаций},
  url={http://www.ibm.com/developerworks/ru/library/l-linuxvirt/},
  year={2007},
  author={М. Тим Джонс}
}

%@article{virtuozzolinuxrus,
%  title={Руководство по созданию виртуальных выделенных серверов на базе Virtuozzo},
%  url={http://www.opennet.ru/docs/RUS/virtuozzo/},
%  author={Елена Снурницына},
%  year={2006},
%  pages={123}
%}

@article{virtuozzolinux,
  title={OpenVZ User's Guide},
  url={http://download.openvz.org/doc/OpenVZ-Users-Guide.pdf},
  author={SWSoft Inc.},
  year={2005},
  pages={119}
}

@article{ubc,
  title={On vSwap and 042stab04x kernel improvements},
  url={http://openvz.livejournal.com/39644.html},
  author={Kir Kolyshkin},
  year={2011},
}

@article{xakep,
  title={Виртуальная реальность по-русски: Осваиваем виртуализацию уровня ОС на примере OpenVZ},
  author={Джон Сноу},
  journal={Журнал Хакер},
  url={http://xakep.ru/56244/},
  year={2011}
}

@article{vzpanel,
  title={OpenVZ Web Panel},
  author={Алексей Южаков},
  url={http://habrahabr.ru/post/111907/},
  year={2011}
}

@article{ploop,
  title={Introducing container in a file aka ploop},
  author={Kir Kolyshkin},
  url={http://openvz.livejournal.com/40830.html},
  year={2012}
}
